<?xml version="1.0" encoding="UTF-8"?><record xmlns="http://www.loc.gov/MARC21/slim" xmlns:cinclude="http://apache.org/cocoon/include/1.0" xmlns:zs="http://www.loc.gov/zing/srw/">
  <leader>00477nz  a2200145n  4500</leader>
  <controlfield tag="001">no 89012865 </controlfield>
  <controlfield tag="003">DLC</controlfield>
  <controlfield tag="005">19890914134748.8</controlfield>
  <controlfield tag="008">890907n| acannaab|          |n aaa     c</controlfield>
  <datafield tag="010" ind1=" " ind2=" ">
    <subfield code="a">no 89012865 </subfield>
  </datafield>
  <datafield tag="040" ind1=" " ind2=" ">
    <subfield code="a">MdU</subfield>
    <subfield code="c">MdU</subfield>
  </datafield>
  <datafield tag="100" ind1="1" ind2="0">
    <subfield code="a">Allen, John,</subfield>
    <subfield code="d">1790-1859</subfield>
  </datafield>
  <datafield tag="670" ind1=" " ind2=" ">
    <subfield code="a">His The cause of the heavy burdens of Great Britain ... 1836</subfield>
    <subfield code="b">(name not given)</subfield>
  </datafield>
  <datafield tag="670" ind1=" " ind2=" ">
    <subfield code="a">Halkett &amp; Laing</subfield>
    <subfield code="b">(John Allen, of the Society of Friends)</subfield>
  </datafield>
  <datafield tag="670" ind1=" " ind2=" ">
    <subfield code="a">NUC pre-56</subfield>
    <subfield code="b">(Allen, John, 1790-1859, of Liskeard)</subfield>
  </datafield>
</record>